@incollection{10.5555/1214993,
    author = {Jurafsky, Daniel and Martin, James H.},
    title={Question Answering},
    booktitle = {Speech and Language Processing},
    year = {2021},
    chapter={23},
    isbn = {0131873210},
    publisher = {Prentice-Hall, Inc.},
    address = {USA}
}

@inproceedings{https://doi.org/10.48550/arxiv.2108.06688,
  doi = {10.48550/ARXIV.2108.06688},
  author = {Lan, Yunshi and He, Gaole and Jiang, Jinhao and Jiang, Jing and Zhao, Wayne Xin and Wen, Ji-Rong},
  keywords = {Computation and Language (cs.CL), FOS: Computer and information sciences, FOS: Computer and information sciences},
  title = {Complex Knowledge Base Question Answering: A Survey},
  booktitle={Proc. of IJCAI 2021},
}

@inproceedings{https://doi.org/10.48550/arxiv.2107.04771,
  doi = {10.48550/ARXIV.2107.04771},
  author = {Bhatnagar, Vasudha and Dhani, Jaspreet Singh and Bhatt, Ruchika and Ganesan, Balaji and Sirohi, Parikshet},
  booktitle={Proc. of KDD 2021},
  title = {Similar Cases Recommendation using Legal Knowledge Graphs}
}

@inproceedings{SG:CKGILDC2022, title = {Constructing a Knowledge Graph from Indian Legal Domain Corpus}, author = {Sudipto Ghosh and Sarika Jain and Pooja Harde and Nandana Mihindukulasooriya and Abhinav Dubey and Ankush Bisht}, pages = {80--93}, url = {http://ceur-ws.org/Vol-3184/TEXT2KG_Paper_6.pdf},  booktitle = {Proc. of TEXT2KG 2022 and MK 2022 co-located with ESWC 2022}}

@phdthesis{Zhang2015DeepDiveAD,
  title={DeepDive: A Data Management System for Automatic Knowledge Base Construction},
  author={Ce Zhang},
  institute={University of Wisconsin -- Madison},
  year={2015},
  url={https://cs.stanford.edu/people/czhang/zhang.thesis.pdf}
}
